<?xml version="1.0" encoding="UTF-8"?><collection xmlns="http://www.loc.gov/MARC21/slim"><record><leader>00384nam--2200133-i-4500</leader><controlfield tag="001">000040293</controlfield><controlfield tag="002">20161230</controlfield><controlfield tag="005">20161230201042</controlfield><controlfield tag="008">060222s1000------------r-----000-0-eng-d</controlfield><datafield ind1=" " ind2=" " tag="080"><subfield code="a">620.9(024)+39</subfield></datafield><datafield ind1=" " ind2=" " tag="100"><subfield code="a">Saphier, Ignat I</subfield></datafield><datafield ind1=" " ind2=" " tag="245"><subfield code="a">Introducere in economia energeticii</subfield></datafield><datafield ind1=" " ind2=" " tag="260"><subfield code="a">Bucuresti, Ed.De Stat Pentru Literatura Economica Si Juridica, 1955. 380 P.+ilustr</subfield></datafield><datafield ind1=" " ind2=" " tag="852"><subfield code="a">4005</subfield></datafield></record></collection>